
@Article{wang_model_2009,
	title = {基于可用性模型的志愿计算},
	url = {http://epub.cnki.net/grid2008/detail.aspx?QueryID=7&CurRec=1},
	doi = {CNKI:SUN:JSJC.0.2009-03-010},
	journal = {计算机工程},
	author = {王宇 and 王志坚 and 黄晓萍 and 王从明},
	year = {2009},
	keywords = {availability model, volunteer computing, {XtremWeb} platform, {XtremWeb平台,} 可用性模型, 志愿计算},
}

@INPROCEEDINGS{cnproceed,
  author =       {王重阳 and 黄药师 and 欧阳峰 and 洪七公 and 段皇帝},
  title =        {武林高手从入门到精通},
  booktitle =    {第~$N$~次华山论剑},
  year =         2006,
  address =      {西安, 中国},
  publisher = {中国古籍出版社},
  month =        sep,
  language =     {zh},
}

@book{goossens1994thelatex,
	address = {Massachusetts},
	title = {The {LaTEX} Companion},
	publisher = {{Addison-Wesley,} Reading},
	author = {M. Goossens and F. Mittelbach and A. Samarin},
	year = {1994}
}
@book{knuth1986thetexbook,
	address = {Massachusetts},
	title = {The texbook},
	publisher = {{Addison-Wesley} Reading},
	author = {D. E Knuth and D. Bibby and I. Makai},
	year = {1986}
}



@manual{2016Scutthesis,
  Author         = {Shun Xu},
  Title          = {alwintsui/scutthesis: Latex/Lyx templates for the thesis specifications of South China University of Technology (SCUT,华南理工大学) },
  url		= {https://github.com/alwintsui/scutthesis},
  year           = {2016},
}

@manual{2020Scutthesis,
  Author         = {YEC},
  Title          = {yecfly/scut-thesis: 华南理工大学学位论文 Latex/Lyx 模板----latex for SCUT thesis },
  url		= {https://github.com/yecfly/scut-thesis},
  year           = {2020},
}
